@book{anderson-moore1979,
author={B. D. O. Anderson and J. B. Moore},
year = {1979},
title = {Optimal filtering},
printer = {Prentice-Hall},
address = {Englewood Cliffs, NJ},
note = {\href{http://users.cecs.anu.edu.au/~john/papers/BOOK/B02.PDF}{URL}},
}
